Date,Type,Description,Debit,Credit,Balance
2025-12-01,Debit,FUNDS TRANSFER Cashflow Lime Mojito,-3370.00,,18027.48
2025-12-01,Credit,FUNDS TRANSFER Offset Lime Mojito,,6439.54,21397.48
2025-11-28,Interest,INTEREST,,53.69,14957.94
2025-11-24,Debit,FUNDS TRANSFER Cashflow Lime Mojito,-3370.00,,14904.25
2025-11-20,Credit,FUNDS TRANSFER Offset Lime Mojito,,5467.92,18274.25
2025-11-17,Debit,FUNDS TRANSFER Cashflow Lime Mojito,-3370.00,,12806.33
2025-11-12,Debit,FUNDS TRANSFER BAS Lime Mojito,-5000.00,,16176.33
2025-11-10,Debit,FUNDS TRANSFER Cashflow Lime Mojito,-3370.00,,21176.33
2025-11-06,Credit,FUNDS TRANSFER Offset Lime Mojito,,1458.55,24546.33
2025-11-03,Credit,FUNDS TRANSFER Offset Lime Mojito,,6198.06,23087.78
2025-11-03,Credit,FUNDS TRANSFER Offset Lime Mojito,,0.08,16889.72
2025-11-03,Debit,FUNDS TRANSFER Cashflow Lime Mojito,-3370.00,,16889.64
2025-10-31,Interest,INTEREST,,47.90,20259.64
2025-10-27,Debit,FUNDS TRANSFER Cashflow Lime Mojito,-3370.00,,20211.74
2025-10-23,Credit,FUNDS TRANSFER Offset Lime Mojito,,9133.46,23581.74
2025-10-20,Debit,FUNDS TRANSFER Cashflow Lime Mojito,-3370.00,,14448.28
2025-10-17,Credit,FUNDS TRANSFER Offset Lime Mojito,,6282.74,17818.28
2025-10-13,Debit,FUNDS TRANSFER Cashflow Lime Mojito,-3370.00,,11535.54
2025-10-09,Credit,FUNDS TRANSFER Offset Lime Mojito,,6408.46,14905.54
2025-10-06,Debit,FUNDS TRANSFER Cashflow Lime Mojito,-3370.00,,8497.08
2025-10-02,Credit,FUNDS TRANSFER Offset Lime Mojito,,4086.86,11867.08
2025-09-30,Interest,INTEREST,,42.31,7780.22
2025-09-29,Debit,FUNDS TRANSFER Cashflow Lime Mojito,-3370.00,,7737.91
2025-09-24,Debit,FUNDS TRANSFER Cashflow Lime Mojito,-3500.00,,11107.91
2025-09-22,Credit,FUNDS TRANSFER Offset Lime Mojito,,7730.49,14607.91
2025-09-22,Debit,FUNDS TRANSFER Cashflow Lime Mojito,-3370.00,,6877.42
2025-09-15,Debit,FUNDS TRANSFER Cashflow Lime Mojito,-3370.00,,10247.42
2025-09-08,Debit,FUNDS TRANSFER Cashflow Lime Mojito,-3370.00,,13617.42
2025-09-01,Credit,FUNDS TRANSFER Offset Lime Mojito,,9219.85,16987.42
2025-09-01,Debit,FUNDS TRANSFER Cashflow Lime Mojito,-3370.00,,7767.57
2025-08-29,Interest,INTEREST,,26.13,11137.57
2025-08-25,Debit,FUNDS TRANSFER Cashflow Lime Mojito,-3370.00,,11111.44
2025-08-22,Credit,FUNDS TRANSFER Offset Lime Mojito,,6023.47,14481.44
2025-08-18,Debit,FUNDS TRANSFER Cashflow Lime Mojito,-3370.00,,8457.97
2025-08-15,InterestChange,Please note from 15/08/2025 the interest rate on your account is  3.75%p.a.,,,11827.97
2025-08-14,Credit,FUNDS TRANSFER Offset Lime Mojito,,8351.46,11827.97
2025-08-11,Debit,FUNDS TRANSFER Cashflow Lime Mojito,-3370.00,,3476.51
2025-08-07,Credit,FUNDS TRANSFER Offset Lime Mojito,,2876.58,6846.51
2025-08-04,Debit,FUNDS TRANSFER Cashflow Lime Mojito,-3370.00,,3969.93
2025-07-31,Credit,FUNDS TRANSFER Offset Lime Mojito,,516.08,7339.93
2025-07-31,Interest,INTEREST,,52.25,6823.85
2025-07-28,Debit,FUNDS TRANSFER Cashflow Lime Mojito,-3370.00,,6771.60
2025-07-21,Debit,FUNDS TRANSFER Cashflow Lime Mojito,-3370.00,,10141.60
2025-07-18,Credit,FUNDS TRANSFER Offset Lime Mojito,,7543.18,13511.60
2025-07-18,Debit,FUNDS TRANSFER Cash Portfolio Lime Mojito,-6870.00,,5968.42
2025-07-14,Debit,FUNDS TRANSFER Cashflow Lime Mojito,-3370.00,,12838.42
2025-07-10,Credit,FUNDS TRANSFER Offset Lime Mojito,,6431.95,16208.42
2025-07-08,Debit,FUNDS TRANSFER Cashflow Lime Mojito,-300.00,,9776.47
2025-07-07,Debit,FUNDS TRANSFER Cashflow Lime Mojito,-40.00,,10076.47
2025-07-07,Debit,FUNDS TRANSFER Cashflow Lime Mojito,-3030.00,,10116.47
2025-07-03,Debit,FUNDS TRANSFER Transfer Lime Mojito,-15000.00,,13146.47
2025-06-30,Credit,FUNDS TRANSFER offset Lime Mojito,,0.08,28146.47
2025-06-30,Debit,FUNDS TRANSFER Cashflow Lime Mojito,-3030.00,,28146.39
2025-06-30,Interest,INTEREST,,31.47,31176.39
2025-06-27,Credit,FUNDS TRANSFER Offset Lime Mojito,,5668.46,31144.92
2025-06-23,Credit,FUNDS TRANSFER Offset Lime Mojito,,1500.00,25476.46
2025-06-23,Credit,FUNDS TRANSFER Offset Lime Mojito,,15290.01,23976.46
2025-06-23,Debit,FUNDS TRANSFER Cashflow Lime Mojito,-3030.00,,8686.45
2025-06-19,Credit,FUNDS TRANSFER Offset Lime Mojito,,6808.47,11716.45
2025-06-16,Debit,FUNDS TRANSFER Cashflow Lime Mojito,-3030.00,,4907.98
2025-06-12,Credit,FUNDS TRANSFER Offset Lime Mojito,,4248.46,7937.98
2025-06-09,Debit,FUNDS TRANSFER Cashflow Lime Mojito,-3030.00,,3689.52
2025-06-05,Credit,FUNDS TRANSFER Offset Lime Mojito,,4395.37,6719.52
2025-06-02,Credit,FUNDS TRANSFER Offset Lime Mojito,,0.11,2324.15
2025-06-02,Debit,FUNDS TRANSFER Cashflow Lime Mojito,-3030.00,,2324.04
2025-05-30,Interest,INTEREST,,21.14,5354.04
2025-05-26,Debit,FUNDS TRANSFER Cashflow Lime Mojito,-3030.00,,5332.90
2025-05-23,InterestChange,Please note from 23/05/2025 the interest rate on your account is  4.00%p.a.,,,8362.90
2025-05-23,Credit,FUNDS TRANSFER Offset Lime Mojito,,6415.45,8362.90
2025-05-19,Debit,FUNDS TRANSFER Cashflow Lime Mojito,-3030.00,,1947.45
2025-05-15,Credit,FUNDS TRANSFER Offset Lime Mojito,,1090.98,4977.45
2025-05-12,Debit,FUNDS TRANSFER Cashflow Lime Mojito,-3030.00,,3886.47
2025-05-05,Debit,FUNDS TRANSFER Cashflow Lime Mojito,-3030.00,,6916.47
2025-04-30,Interest,INTEREST,,38.15,9946.47
2025-04-28,Debit,FUNDS TRANSFER Cashflow Lime Mojito,-3030.00,,9908.32
2025-04-28,Credit,FUNDS TRANSFER Offset Lime Mojito,,5278.48,12938.32
2025-04-22,Debit,FUNDS TRANSFER Cashflow Lime Mojito,-3030.00,,7659.84
2025-04-17,Credit,FUNDS TRANSFER Offset Lime Mojito,,7240.67,10689.84
2025-04-14,Debit,FUNDS TRANSFER Cashflow Lime Mojito,-3030.00,,3449.17
2025-04-09,Debit,FUNDS TRANSFER Share Purchase Lime Mojito,-10000.00,,6479.17
2025-04-07,Debit,FUNDS TRANSFER Cashflow Lime Mojito,-3030.00,,16479.17
2025-04-03,Credit,FUNDS TRANSFER Offset Lime Mojito,,6655.48,19509.17
2025-04-02,Credit,FUNDS TRANSFER Offset Lime Mojito,,3741.96,12853.69
2025-03-31,Debit,FUNDS TRANSFER Cashflow Lime Mojito,-3030.00,,9111.73
2025-03-31,Interest,INTEREST,,46.18,12141.73
2025-03-24,Debit,FUNDS TRANSFER Cashflow Lime Mojito,-3030.00,,12095.55
2025-03-17,Debit,FUNDS TRANSFER Cashflow Lime Mojito,-3030.00,,15125.55
2025-03-14,Credit,FUNDS TRANSFER Offset Lime Mojito,,5702.00,18155.55
2025-03-13,Credit,FUNDS TRANSFER Offset Lime Mojito,,4777.82,12453.55
2025-03-10,Debit,FUNDS TRANSFER Cashflow Lime Mojito,-3030.00,,7675.73
2025-03-05,Debit,FUNDS TRANSFER Share purchases Lime Mojito,-4000.00,,10705.73
2025-03-03,Debit,FUNDS TRANSFER Cashflow Lime Mojito,-3030.00,,14705.73
2025-03-03,Credit,FUNDS TRANSFER Offset Lime Mojito,,6665.38,17735.73
2025-03-03,Debit,FUNDS TRANSFER Cashflow 1434.62,-8100.00,,11070.35
2025-03-03,Credit,FUNDS TRANSFER offset Lime Mojito,,0.19,19170.35
2025-02-28,InterestChange,Please note from 28/02/2025 the interest rate on your account is  4.25%p.a.,,,19170.16
2025-02-28,Interest,INTEREST,,47.92,19170.16
2025-02-26,Credit,FUNDS TRANSFER Offset Lime Mojito,,5491.56,19122.24
2025-02-24,Debit,FUNDS TRANSFER Cashflow Lime Mojito,-3030.00,,13630.68
2025-02-17,Debit,FUNDS TRANSFER Cashflow Lime Mojito,-3030.00,,16660.68
2025-02-14,Credit,FUNDS TRANSFER Offset Lime Mojito,,6665.38,19690.68
2025-02-12,Credit,FUNDS TRANSFER Offset Lime Mojito,,7013.45,13025.30
2025-02-10,Debit,FUNDS TRANSFER Cashflow Lime Mojito,-3030.00,,6011.85
2025-02-05,Debit,FUNDS TRANSFER Cashflow Lime Mojito,-800.00,,9041.85
2025-02-05,Debit,FUNDS TRANSFER Cashflow Lime Mojito,-3080.00,,9841.85
2025-02-03,Credit,FUNDS TRANSFER Offset Lime Mojito,,3019.40,12921.85
2025-02-03,Debit,FUNDS TRANSFER Cashflow Lime Mojito,-3030.00,,9902.45
2025-01-31,Interest,INTEREST,,31.07,12932.45
2025-01-30,Credit,FUNDS TRANSFER Offset Lime Mojito,,11800.00,12901.38
2025-01-28,Debit,FUNDS TRANSFER Cashflow Lime Mojito,-3030.00,,1101.38
2025-01-20,Debit,FUNDS TRANSFER Cashflow Lime Mojito,-3030.00,,4131.38
2025-01-13,Debit,FUNDS TRANSFER Cashflow Lime Mojito,-3030.00,,7161.38
2025-01-06,Debit,FUNDS TRANSFER Cashflow Lime Mojito,-3030.00,,10191.38
2025-01-03,Debit,FUNDS TRANSFER Cashflow Lime Mojito,-1000.00,,13221.38
2025-01-03,Credit,FUNDS TRANSFER Offset Lime Mojito,,0.22,14221.38
2024-12-31,Interest,INTEREST,,52.90,14221.16
2024-12-30,Debit,FUNDS TRANSFER Cashflow Lime Mojito,-3030.00,,14168.26
2024-12-23,Debit,FUNDS TRANSFER Cashflow Lime Mojito,-3030.00,,17198.26
2024-12-20,Credit,FUNDS TRANSFER Offset Lime Mojito,,5798.47,20228.26
2024-12-16,Debit,FUNDS TRANSFER Cashflow Lime Mojito,-3030.00,,14429.79
2024-12-13,Credit,FUNDS TRANSFER Offset Lime Mojito,,6665.38,17459.79
2024-12-11,Credit,FUNDS TRANSFER Offset Lime Mojito,,5546.68,10794.41
2024-12-09,Debit,FUNDS TRANSFER Cashflow Lime Mojito,-3030.00,,5247.73
2024-12-02,Debit,FUNDS TRANSFER Cashflow Lime Mojito,-3030.00,,8277.73
2024-11-29,Credit,FUNDS TRANSFER Offset Lime Mojito,,4307.09,11307.73
2024-11-29,Interest,INTEREST,,32.46,7000.64
2024-11-25,Debit,FUNDS TRANSFER Cashflow Lime Mojito,-3030.00,,6968.18
2024-11-18,Debit,FUNDS TRANSFER Cashflow Lime Mojito,-3030.00,,9998.18
2024-11-15,Credit,FUNDS TRANSFER Offset Lime Mojito,,4858.46,13028.18
2024-11-11,Debit,FUNDS TRANSFER Cashflow Lime Mojito,-3030.00,,8169.72
2024-11-08,Credit,FUNDS TRANSFER Offset Lime Mojito,,5228.82,11199.72
2024-11-04,Debit,FUNDS TRANSFER Cashflow Lime Mojito,-3030.00,,5970.90
2024-11-01,Credit,FUNDS TRANSFER Interest Lime Mojito,,0.24,9000.90
2024-10-31,Interest,INTEREST,,45.35,9000.66
2024-10-28,Debit,FUNDS TRANSFER Offset2 Lime Mojito,-10000.00,,8955.31
2024-10-28,Debit,FUNDS TRANSFER Cashflow Lime Mojito,-3030.00,,18955.31
2024-10-25,Credit,FUNDS TRANSFER Offset Lime Mojito,,3638.46,21985.31
2024-10-22,Credit,FUNDS TRANSFER Offset Lime Mojito,,9588.47,18346.85
2024-10-21,Debit,FUNDS TRANSFER Cashflow Lime Mojito,-3030.00,,8758.38
2024-10-14,Debit,FUNDS TRANSFER Cashflow Lime Mojito,-3030.00,,11788.38
2024-10-14,Credit,FUNDS TRANSFER Offset Lime Mojito,,6598.97,14818.38
2024-10-07,Debit,FUNDS TRANSFER Cashflow Lime Mojito,-3030.00,,8219.41
2024-10-07,Credit,FUNDS TRANSFER Offset Lime Mojito,,3929.54,11249.41
2024-09-30,Debit,FUNDS TRANSFER Cashflow Lime Mojito,-3030.00,,7319.87
2024-09-30,Interest,INTEREST,,75.56,10349.87
2024-09-26,Debit,FUNDS TRANSFER Shares Lime Mojito,-30000.00,,10274.31
2024-09-26,Credit,FUNDS TRANSFER Offset Lime Mojito,,6668.46,40274.31
2024-09-23,Debit,FUNDS TRANSFER Cashflow Lime Mojito,-3030.00,,33605.85
2024-09-23,Credit,FUNDS TRANSFER Offset Lime Mojito,,19154.10,36635.85
2024-09-16,Debit,FUNDS TRANSFER Cashflow Lime Mojito,-3030.00,,17481.75
2024-09-09,Debit,FUNDS TRANSFER Cashflow Lime Mojito,-3030.00,,20511.75
2024-09-02,Credit,FUNDS TRANSFER Offset Lime Mojito,,6393.46,23541.75
2024-09-02,Debit,FUNDS TRANSFER Cashflow Lime Mojito,-3030.00,,17148.29
2024-08-30,Interest,INTEREST,,55.82,20178.29
2024-08-26,Debit,FUNDS TRANSFER Cashflow Lime Mojito,-3030.00,,20122.47
2024-08-26,Credit,FUNDS TRANSFER Offset Lime Mojito,,6283.47,23152.47
2024-08-19,Credit,FUNDS TRANSFER Offset Lime Mojito,,6373.84,16869.00
2024-08-19,Debit,FUNDS TRANSFER Cashflow Lime Mojito,-3030.00,,10495.16
2024-08-12,Credit,FUNDS TRANSFER Offset Lime Mojito,,8193.41,13525.16
2024-08-12,Debit,FUNDS TRANSFER Cashflow Lime Mojito,-3030.00,,5331.75
2024-08-08,Debit,FUNDS TRANSFER Cashflow Lime Mojito,-5500.00,,8361.75
2024-08-05,Debit,FUNDS TRANSFER Cashflow Lime Mojito,-3030.00,,13861.75
2024-08-01,Credit,FUNDS TRANSFER Offset Lime Mojito,,0.20,16891.75
2024-07-31,Interest,INTEREST,,57.85,16891.55
2024-07-29,Debit,FUNDS TRANSFER Cashflow Lime Mojito,-3030.00,,16833.70
2024-07-29,Credit,FUNDS TRANSFER Offset Lime Mojito,,12637.18,19863.70
2024-07-22,Debit,FUNDS TRANSFER Cashflow Lime Mojito,-3030.00,,7226.52
2024-07-15,Debit,FUNDS TRANSFER Cashflow Lime Mojito,-3030.00,,10256.52
2024-07-15,Debit,FUNDS TRANSFER Cashflow Lime Mojito,-1200.00,,13286.52
2024-07-15,Credit,FUNDS TRANSFER Offset Lime Mojito,,3000.00,14486.52
2024-07-15,Credit,FUNDS TRANSFER Offset Lime Mojito,,2746.11,11486.52
2024-07-08,Debit,FUNDS TRANSFER Cashflow Lime Mojito,-3030.00,,8740.41
2024-07-08,Credit,FUNDS TRANSFER Offset Lime Mojito,,5373.46,11770.41
2024-07-02,Debit,FUNDS TRANSFER Drawings Lime Mojito,-44734.39,,6396.95
2024-07-01,Debit,FUNDS TRANSFER Cashflow Lime Mojito,-3030.00,,51131.34
2024-06-28,Interest,INTEREST,,82.03,54161.34
2024-06-25,Credit,FUNDS TRANSFER Offset Lime Mojito,,5445.59,54079.31
2024-06-24,Debit,FUNDS TRANSFER Cashflow Lime Mojito,-3000.00,,48633.72
2024-06-17,Credit,FUNDS TRANSFER Offset Lime Mojito,,50000.00,51633.72
2024-06-17,Debit,FUNDS TRANSFER Cashflow Lime Mojito,-3000.00,,1633.72
2024-06-13,Credit,FUNDS TRANSFER Offset Lime Mojito,,3524.75,4633.72
2024-06-10,Debit,FUNDS TRANSFER Cashflow Lime Mojito,-3000.00,,1108.97
2024-06-10,Credit,FUNDS TRANSFER Offset Lime Mojito,,0.16,4108.97
2024-06-03,Debit,FUNDS TRANSFER Super Lime Mojito,-6875.00,,4108.81
2024-06-03,Debit,FUNDS TRANSFER Cashflow Lime Mojito,-3000.00,,10983.81
2024-05-31,Interest,INTEREST,,34.14,13983.81
2024-05-29,Debit,FUNDS TRANSFER Cashflow Lime Mojito,-1600.00,,13949.67
2024-05-27,Debit,FUNDS TRANSFER Cashflow Lime Mojito,-3000.00,,15549.67
2024-05-20,Debit,FUNDS TRANSFER Cashflow Lime Mojito,-3000.00,,18549.67
2024-05-20,Credit,FUNDS TRANSFER Offset Lime Mojito,,20000.16,21549.67
2024-05-13,Debit,FUNDS TRANSFER Cashflow Lime Mojito,-3000.00,,1549.51
2024-05-06,Debit,FUNDS TRANSFER Cashflow Lime Mojito,-3000.00,,4549.51
2024-04-30,Interest,INTEREST,,64.03,7549.51
2024-04-29,Debit,FUNDS TRANSFER Cashflow Lime Mojito,-3000.00,,7485.48
2024-04-22,Debit,FUNDS TRANSFER Cashflow Lime Mojito,-3000.00,,10485.48
2024-04-16,Credit,FUNDS TRANSFER Interest Lime Mojito,,0.07,13485.48
2024-04-15,Debit,FUNDS TRANSFER Cashflow Lime Mojito,-3000.00,,13485.41
2024-04-08,Debit,FUNDS TRANSFER Cashflow Lime Mojito,-3000.00,,16485.41
2024-04-02,Debit,FUNDS TRANSFER Cashflow Lime Mojito,-3000.00,,19485.41
2024-03-28,Interest,INTEREST,,65.39,22485.41
2024-03-25,Debit,FUNDS TRANSFER Cashflow Lime Mojito,-3000.00,,22420.02
2024-03-18,Credit,FUNDS TRANSFER Offset Lime Mojito,,9294.05,25420.02
2024-03-04,Credit,FUNDS TRANSFER Dividend To Offset Lime Mojito,,381.92,16125.97
2024-03-01,Credit,FUNDS TRANSFER Offset Lime Mojito,,3401.83,15744.05
2024-02-29,Interest,INTEREST,,48.66,12342.22
2024-02-26,Credit,FUNDS TRANSFER Offset Lime Mojito,,3665.31,12293.56
2024-02-20,Debit,FUNDS TRANSFER Accounting Lime Mojito,-2750.00,,8628.25
2024-02-19,Debit,FUNDS TRANSFER Cashflow Lime Mojito,-500.00,,11378.25
2024-02-19,Debit,FUNDS TRANSFER Cashflow Lime Mojito,-12000.00,,11878.25
2024-02-19,Credit,FUNDS TRANSFER Offset Lime Mojito,,4105.14,23878.25
2024-02-12,Credit,FUNDS TRANSFER Offset Lime Mojito,,5339.53,19773.11
2024-02-05,Credit,FUNDS TRANSFER Offset Lime Mojito,,3402.34,14433.58
2024-02-02,Credit,FUNDS TRANSFER Interest Lachlan,,0.04,11031.24
2024-01-31,Interest,INTEREST,,36.91,11031.20
2024-01-29,Credit,FUNDS TRANSFER Offset Lime Mojito,,4107.77,10994.29
2024-01-19,Debit,FUNDS TRANSFER Cashflow Lime Mojito,-1500.00,,6886.52
2024-01-15,Debit,FUNDS TRANSFER Cashflow Lime Mojito,-1000.00,,8386.52
2024-01-03,Debit,FUNDS TRANSFER Cashflow Lime Mojito,-3000.00,,9386.52
2023-12-29,Interest,INTEREST,,28.20,12386.52
2023-12-18,Credit,FUNDS TRANSFER Offset Lime Mojito,,6213.18,12358.32
2023-12-05,Credit,FUNDS TRANSFER Offset Lime Mojito,,3588.44,6145.14
2023-11-30,Interest,INTEREST,,11.96,2556.70
2023-11-28,Credit,FUNDS TRANSFER Offset Lime Mojito,,2544.74,2544.74
2023-11-17,InterestChange,Please note from 17/11/2023 the interest rate on your account is  4.50%p.a.,,,0.00
2023-11-17,Debit,FUNDS TRANSFER Cashflow Lime Mojito,-3697.56,,0.00
2023-11-13,Debit,FUNDS TRANSFER Cashflow Lime Mojito,-2700.00,,3697.56
2023-10-31,Interest,INTEREST,,56.57,6397.56
2023-10-30,Debit,FUNDS TRANSFER Drawings Lime Mojito,-7000.00,,6340.99
2023-10-16,Credit,FUNDS TRANSFER Offset Lime Mojito,,2833.33,13340.99
2023-10-06,Credit,FUNDS TRANSFER Offset Lime Mojito,,6429.53,10507.66
2023-10-03,Debit,FUNDS TRANSFER Drawings 2 Lime Mojito,-40000.00,,4078.13
2023-09-29,Interest,INTEREST,,143.70,44078.13
2023-09-27,Debit,FUNDS TRANSFER Cashflow Lime Mojito,-2000.00,,43934.43
2023-09-22,Credit,FUNDS TRANSFER Offset Lime Mojito,,4078.09,45934.43
2023-09-18,Credit,FUNDS TRANSFER Offset Lime Mojito,,4297.95,41856.34
2023-09-06,Debit,FUNDS TRANSFER Cashflow Lime Mojito,-9000.00,,37558.39
2023-09-05,Debit,FUNDS TRANSFER Fx Lime Mojito,-5000.00,,46558.39
2023-09-01,Credit,FUNDS TRANSFER Offset Lime Mojito,,5440.41,51558.39
2023-08-31,Interest,INTEREST,,182.02,46117.98
2023-08-31,Credit,FUNDS TRANSFER Offset Lime Mojito,,4595.34,45935.96
2023-08-23,Debit,FUNDS TRANSFER Cash flow Lime Mojito,-10000.00,,41340.62
2023-08-14,Debit,FUNDS TRANSFER Insurance Lime Mojito,-1400.00,,51340.62
2023-08-11,Credit,FUNDS TRANSFER Offset Lime Mojito,,3188.08,52740.62
2023-08-04,Credit,FUNDS TRANSFER Offset Lime Mojito,,3670.65,49552.54
2023-08-01,Credit,FUNDS TRANSFER Offset Lime Mojito,,3188.12,45881.89
2023-07-31,Interest,INTEREST,,120.00,42693.77
2023-07-24,Credit,FUNDS TRANSFER Offset Lime Mojito,,4792.75,42573.77
2023-07-13,Credit,FUNDS TRANSFER Offset Lime Mojito,,4188.08,37781.02
2023-07-07,Credit,FUNDS TRANSFER Offset Lime Mojito,,3715.88,33592.94
2023-07-03,Credit,FUNDS TRANSFER Offset Lime Mojito,,2948.65,29877.06
2023-06-30,Interest,INTEREST,,72.36,26928.41
2023-06-23,Credit,FUNDS TRANSFER Offset Lime Mojito,,2683.66,26856.05
2023-06-16,InterestChange,Please note from 16/06/2023 the interest rate on your account is  4.25%p.a.,,,24172.39
2023-06-16,Credit,FUNDS TRANSFER Offset Lime Mojito,,3849.03,24172.39
2023-06-09,Credit,FUNDS TRANSFER Offset Lime Mojito,,3448.65,20323.36
2023-06-02,Debit,FUNDS TRANSFER Cashflow Lime Mojito,-1000.00,,16874.71
2023-06-02,Credit,FUNDS TRANSFER Offset Lime Mojito,,7742.58,17874.71
2023-05-31,Interest,INTEREST,,27.88,10132.13
2023-05-23,Credit,FUNDS TRANSFER Offset Lime Mojito,,2072.64,10104.25
2023-05-12,InterestChange,Please note from 12/05/2023 the interest rate on your account is  4.00%p.a.,,,8031.61
2023-05-08,Credit,FUNDS TRANSFER Offset Lime Mojito,,2198.15,8031.61
2023-04-28,Credit,FUNDS TRANSFER Offset Lime Mojito,,3948.65,5833.46
2023-04-28,Interest,INTEREST,,36.43,1884.81
2023-04-26,Debit,FUNDS TRANSFER Cashflow Lime Mojito,-8000.00,,1848.38
2023-04-24,Credit,FUNDS TRANSFER Offset Lime Mojito,,1987.14,9848.38
2023-04-14,Debit,FUNDS TRANSFER Drawings Lime Mojito,-13949.35,,7861.24
2023-04-11,Credit,FUNDS TRANSFER Offset Lime Mojito,,3500.35,21810.59
2023-04-03,Credit,FUNDS TRANSFER Offset Lime Mojito,,4775.00,18310.24
2023-03-31,Interest,INTEREST,,36.36,13535.24
2023-03-30,Credit,FUNDS TRANSFER Offset Lime Mojito,,3758.04,13498.88
2023-03-17,InterestChange,Please note from 17/03/2023 the interest rate on your account is  3.75%p.a.,,,9740.84
2023-03-10,Credit,FUNDS TRANSFER Offset Lime Mojito,,2960.65,9740.84
2023-03-07,Debit,FUNDS TRANSFER Income Tax 15994,-15994.00,,6780.19
2023-03-07,Debit,FUNDS TRANSFER Cashflow Lime Mojito,-3000.00,,22774.19
2023-03-06,Credit,FUNDS TRANSFER Offset Lime Mojito,,18707.85,25774.19
2023-03-06,Debit,FUNDS TRANSFER Cashflow Lime Mojito,-12070.60,,7066.34
2023-02-28,Interest,INTEREST,,45.47,19136.94
2023-02-27,Debit,FUNDS TRANSFER BAS Lime Mojito,-3000.00,,19091.47
2023-02-17,InterestChange,Please note from 17/02/2023 the interest rate on your account is  3.50%p.a.,,,22091.47
2023-02-17,Credit,FUNDS TRANSFER Offset Like Mojito,,7275.26,22091.47
2023-01-31,Interest,INTEREST,,63.23,14816.21
2023-01-30,Credit,FUNDS TRANSFER Offset Lime Mojito,,3948.65,14752.98
2023-01-23,Debit,FUNDS TRANSFER Shares Lime Mojito,-15000.00,,10804.33
2022-12-30,Credit,FUNDS TRANSFER Cashflow Lime Mojito,,4000.00,25804.33
2022-12-30,Debit,FUNDS TRANSFER Cashflow Lime Mojito,-4000.00,,21804.33
2022-12-30,Interest,INTEREST,,64.02,25804.33
2022-12-22,Debit,FUNDS TRANSFER Cashflow Lime Mojito,-4000.00,,25740.31
2022-12-16,InterestChange,Please note from 16/12/2022 the interest rate on your account is  3.25%p.a.,,,29740.31
2022-12-16,Credit,FUNDS TRANSFER Offset Lime Mojito,,6828.28,29740.31
2022-12-02,Credit,FUNDS TRANSFER Offset Lime Mojito,,1734.28,22912.03
2022-11-30,Interest,INTEREST,,37.63,21177.75
2022-11-25,Credit,FUNDS TRANSFER Offset Lime Mojito,,3948.65,21140.12
2022-11-22,Credit,FUNDS TRANSFER Offset Lime Mojito,,3829.64,17191.47
2022-11-14,Credit,FUNDS TRANSFER Offset Lune Mojito,,1428.01,13361.83
2022-11-11,InterestChange,Please note from 11/11/2022 the interest rate on your account is  3.00%p.a.,,,11933.82
2022-11-04,Debit,FUNDS TRANSFER Cashflow Lime Mojito,-2800.00,,11933.82
2022-10-31,Interest,INTEREST,,23.22,14733.82
2022-10-28,Credit,FUNDS TRANSFER Offset Lime Mojito,,3573.50,14710.60
2022-10-24,Debit,FUNDS TRANSFER Reimburse Lime Mojito,-3000.00,,11137.10
2022-10-14,InterestChange,Please note from 14/10/2022 the interest rate on your account is  2.75%p.a.,,,14137.10
2022-10-14,Credit,FUNDS TRANSFER Offset Lime Mojito,,3948.65,14137.10
2022-10-07,Credit,FUNDS TRANSFER Offset Lime Mojito,,3588.48,10188.45
2022-09-30,Interest,INTEREST,,10.02,6599.97
2022-09-16,InterestChange,Please note from 16/09/2022 the interest rate on your account is  2.50%p.a.,,,6589.95
2022-09-16,Credit,FUNDS TRANSFER Offset Lime Mojito,,3948.65,6589.95
2022-09-14,Debit,FUNDS TRANSFER Share Purchase Lime Mojito,-6000.00,,2641.30
2022-09-09,Credit,FUNDS TRANSFER Offset Lime Mojito,,3888.65,8641.30
2022-09-05,Credit,FUNDS TRANSFER Offset Line Mojito,,4547.73,4752.65
2022-08-31,Interest,INTEREST,,10.16,204.92
2022-08-25,Debit,FUNDS TRANSFER Cashflow Lime Mojito,-1000.00,,194.76
2022-08-25,Debit,FUNDS TRANSFER Super Cashflow Lime Mojito,-6875.00,,1194.76
2022-08-22,Debit,FUNDS TRANSFER Cashflow Lime Mojito,-3000.00,,8069.76
2022-08-19,Credit,FUNDS TRANSFER Quarterly Offset Offset,,1100.00,11069.76
2022-08-12,InterestChange,Please note from 12/08/2022 the interest rate on your account is  2.00%p.a.,,,9969.76
2022-08-12,Credit,FUNDS TRANSFER Offset Lime Mojito,,2448.65,9969.76
2022-08-12,Credit,FUNDS TRANSFER Offset Lime Mojito,,3500.00,7521.11
2022-08-12,Debit,FUNDS TRANSFER Offset Lime Mojito,-3500.00,,4021.11
2022-08-12,Credit,FUNDS TRANSFER Offset Lime Mojito,,1500.00,7521.11
2022-08-08,Credit,FUNDS TRANSFER Offset Lime Mojito,,1000.00,6021.11
2022-07-29,Credit,FUNDS TRANSFER Offset Lime Mojito,,2500.00,5021.11
2022-07-29,Interest,INTEREST,,1.68,2521.11
2022-07-15,InterestChange,Please note from 15/07/2022 the interest rate on your account is  1.50%p.a.,,,2519.43
2022-07-15,Credit,FUNDS TRANSFER Offset Lime Mojito,,1700.00,2519.43
2022-07-12,Debit,FUNDS TRANSFER Offset SMSF,-4883.76,,819.43
2022-07-12,Credit,FUNDS TRANSFER Offset SMSF,,4883.76,5703.19
2022-07-01,Credit,FUNDS TRANSFER Offset Lime Mojito,,817.55,819.43
2022-06-20,InterestChange,Please note from 20/06/2022 the interest rate on your account is  1.00%p.a.,,,1.88
2022-05-31,Interest,INTEREST,,1.88,1.88
2022-05-23,InterestChange,Please note from 23/05/2022 the interest rate on your account is  0.65%p.a.,,,0.00
2022-05-23,Debit,FUNDS TRANSFER Cashflow Lime Mojito,-2383.01,,0.00
2022-05-23,Debit,FUNDS TRANSFER Cashflow Lime Mojito,-6000.00,,2383.01
2022-05-06,Credit,FUNDS TRANSFER Offset Lime Mojito,,3960.48,8383.01
2022-04-29,Interest,INTEREST,,2.21,4422.53
2022-04-19,Debit,FUNDS TRANSFER Cash flow Lime Mojito,-3500.00,,4420.32
2022-03-31,Interest,INTEREST,,2.79,7920.32
2022-03-23,Debit,FUNDS TRANSFER Cashflow Lime Mojito,-1000.00,,7917.53
2022-03-23,Debit,FUNDS TRANSFER Cash Flow Lime Mojito,-2000.00,,8917.53
2022-03-10,Credit,FUNDS TRANSFER Offset Lime Mojito,,2000.00,10917.53
2022-03-07,Debit,FUNDS TRANSFER Shafe sales Lime Mojito,-6892.81,,8917.53
2022-03-07,Credit,FUNDS TRANSFER Offset Lime Mojito,,13319.66,15810.34
2022-02-28,Credit,FUNDS TRANSFER Offset Lime Mojito,,2038.14,2490.68
2022-02-28,Interest,INTEREST,,3.65,452.54
2022-02-24,Debit,FUNDS TRANSFER BAS Lime Mojito,-13500.00,,448.89
2022-02-03,Credit,FUNDS TRANSFER Offset Lime Mojito,,4402.30,13948.89
2022-01-31,Interest,INTEREST,,2.83,9546.59
2022-01-24,Debit,FUNDS TRANSFER Cashflow Lime Mojito,-1200.00,,9543.76
2022-01-20,Credit,FUNDS TRANSFER Offset Lime Mojito,,3848.66,10743.76
2022-01-17,Debit,FUNDS TRANSFER Cashflow Lime Mojito,-1300.00,,6895.10
2022-01-04,Debit,FUNDS TRANSFER Cashflow Lime Mojito,-2000.00,,8195.10
2021-12-31,Interest,INTEREST,,3.54,10195.10
2021-12-29,Debit,FUNDS TRANSFER Super Lime Mojito,-2600.00,,10191.56
2021-12-21,Debit,FUNDS TRANSFER CSL SPP Lime Mojito,-5000.00,,12791.56
2021-12-20,Credit,FUNDS TRANSFER Offset Lime Mojito,,5998.75,17791.56
2021-12-13,Credit,FUNDS TRANSFER Offset Lime Mojito,,4700.00,11792.81
2021-12-02,Credit,FUNDS TRANSFER Unused Lime Mojito,,2000.00,7092.81
2021-12-02,Debit,FUNDS TRANSFER Activity Lime Mojito,-5000.00,,5092.81
2021-11-30,Interest,INTEREST,,2.94,10092.81
2021-11-18,Credit,FUNDS TRANSFER Offset Lime Mojito,,1175.67,10089.87
2021-11-12,Debit,FUNDS TRANSFER Cashflow Lime Mojito,-1000.00,,8914.20
2021-11-11,Credit,FUNDS TRANSFER Offset Lime Mojito,,3306.87,9914.20
2021-10-29,Interest,INTEREST,,5.16,6607.33
2021-10-26,Debit,FUNDS TRANSFER BAS Lime Mojito,-15934.00,,6602.17
2021-10-26,Credit,FUNDS TRANSFER Offset Lime Mojito,,4479.65,22536.17
2021-10-19,Debit,FUNDS TRANSFER Cashflow Lime Mojito,-2000.00,,18056.52
2021-10-15,Credit,FUNDS TRANSFER Offset Lachlan,,4000.00,20056.52
2021-10-12,Debit,FUNDS TRANSFER Cash flow Lime mojito,-2000.00,,16056.52
2021-10-08,Credit,FUNDS TRANSFER Offset Lime Mojito,,2500.00,18056.52
2021-10-01,Credit,FUNDS TRANSFER Offset Lime Mojito,,2800.00,15556.52
2021-09-30,Credit,FUNDS TRANSFER Offset Lime Mojito,,2000.00,12756.52
2021-09-30,Interest,INTEREST,,4.72,10756.52
2021-09-29,Debit,FUNDS TRANSFER Share purchase Lime Mojito,-2000.00,,10751.80
2021-09-28,Debit,FUNDS TRANSFER Tax Lime Mojito,-7200.00,,12751.80
2021-09-27,Credit,FUNDS TRANSFER Offset Lime Mojito,,4561.48,19951.80
2021-09-22,Debit,FUNDS TRANSFER Shares Lime Mojito,-2000.00,,15390.32
2021-09-20,Credit,FUNDS TRANSFER Offset Lime Mojito,,2000.00,17390.32
2021-09-13,Credit,FUNDS TRANSFER Offset Lime Mojito,,3000.00,15390.32
2021-08-31,Interest,INTEREST,,4.14,12390.32
2021-08-26,Credit,FUNDS TRANSFER Offset Lime Mojito,,4172.07,12386.18
2021-08-25,Debit,FUNDS TRANSFER Cashflow Lime Mojito,-4400.00,,8214.11
2021-08-20,Credit,FUNDS TRANSFER Offset Lime Mojito,,1000.00,12614.11
2021-08-19,Credit,FUNDS TRANSFER Offset Lime Moijto,,4641.28,11614.11
2021-08-18,Debit,FUNDS TRANSFER Cash flow Lime Mojito,-5814.78,,6972.83
2021-08-13,Credit,FUNDS TRANSFER Offset Lime Mojito,,3326.24,12787.61
2021-08-12,Debit,FUNDS TRANSFER Share Purchases Lime Mojito,-4040.00,,9461.37
2021-08-06,Credit,FUNDS TRANSFER Offset Lime Mojito,,4480.00,13501.37
2021-08-03,Debit,FUNDS TRANSFER Shares Lime Mojito,-1000.00,,9021.37
2021-07-30,Interest,INTEREST,,27.47,10021.37
2021-07-26,Debit,FUNDS TRANSFER Shares Lime Mojito,-20000.00,,9993.90
2021-07-23,Credit,FUNDS TRANSFER Offset Lime Mojito,,9914.17,29993.90
2021-07-21,Debit,FUNDS TRANSFER Loan Lime Mojito,-100000.00,,20079.73
2021-07-15,Credit,FUNDS TRANSFER Offset Lime Mojito,,8180.84,120079.73
2021-07-12,Credit,FUNDS TRANSFER Offset Lime Mojito,,5441.48,111898.89
2021-07-06,Credit,FUNDS TRANSFER Offset Lime Mojito,,4561.23,106457.41
2021-07-01,Credit,FUNDS TRANSFER Offset Lime Mojito,,41329.94,101896.18
2021-07-01,Debit,FUNDS TRANSFER loan Lime Mojito,-41329.94,,60566.24
2021-07-01,Credit,FUNDS TRANSFER Offset Lime Mojito,,4185.20,101896.18
2021-07-01,Debit,FUNDS TRANSFER Super Lime Mojito,-27500.00,,97710.98
2021-06-30,Interest,INTEREST,,45.81,125210.98
2021-06-29,Debit,FUNDS TRANSFER Float Lime mojito,-10000.00,,125165.17
2021-06-21,Credit,FUNDS TRANSFER Offset Lime Mojito,,5579.76,135165.17
2021-05-31,Credit,FUNDS TRANSFER Offset Lime Mojito,,2331.44,129585.41
2021-05-31,Interest,INTEREST,,54.36,127253.97
2021-05-25,Debit,FUNDS TRANSFER Cashflow Lime Mojito,-58375.00,,127199.61
2021-05-17,Credit,FUNDS TRANSFER Offset Lime Mojito,,11564.25,185574.61
2021-05-10,Debit,FUNDS TRANSFER Float Lime Mojito,-3000.00,,174010.36
2021-05-04,Debit,FUNDS TRANSFER Cashflow Lime Mojito,-3000.00,,177010.36
2021-05-03,Credit,FUNDS TRANSFER Offset Lachlan,,10217.54,180010.36
2021-04-30,Interest,INTEREST,,50.15,169792.82
2021-04-29,Credit,FUNDS TRANSFER Offset Lime Mojito,,70000.00,169742.67
2021-04-28,Debit,FUNDS TRANSFER BAS Lime Mojito,-17500.00,,99742.67
2021-04-20,InterestChange,Please note from 20/04/2021 the interest rate on your account is  0.40%p.a.,,,117242.67
2021-04-20,Debit,FUNDS TRANSFER Cashflow Lime Mojito,-2400.00,,117242.67
2021-04-19,Credit,FUNDS TRANSFER Offset Lime,,4870.45,119642.67
2021-04-12,Credit,FUNDS TRANSFER Offset Lime Mojito,,2821.75,114772.22
2021-04-08,Debit,FUNDS TRANSFER Cashflow Lime Mojito,-5000.00,,111950.47
2021-04-06,Credit,FUNDS TRANSFER Offset Lime Mojito,,9690.07,116950.47
2021-03-31,Interest,INTEREST,,19.91,107260.40
2021-03-30,Debit,FUNDS TRANSFER Cashflow Lime Mojito,-4500.00,,107240.49
2021-03-26,Debit,FUNDS TRANSFER Cash flow Lime Mojito,-68337.80,,111740.49
2021-03-26,Credit,FUNDS TRANSFER Offset Lime Mojito,,145880.19,180078.29
2021-03-23,Debit,FUNDS TRANSFER Cashflow Lime mojito,-3000.00,,34198.10
2021-03-22,Credit,FUNDS TRANSFER Offset Lime Mojito,,9334.00,37198.10
2021-03-16,Debit,FUNDS TRANSFER Cashflow Lime Mojito,-2500.00,,27864.10
2021-03-09,Credit,FUNDS TRANSFER Offset Lime Mojito,,9985.98,30364.10
2021-03-04,Credit,FUNDS TRANSFER Offset Lime Mojito,,6667.00,20378.12
2021-03-03,Credit,FUNDS TRANSFER Offset Lime Mojito,,13690.39,13711.12
2021-03-03,Debit,FUNDS TRANSFER Cashflow Lime Mojito,-5000.00,,20.73
2021-03-02,Credit,FUNDS TRANSFER Offset Lime Mojito,,4600.00,5020.73
2021-03-01,Debit,FUNDS TRANSFER Cashflow Lime Mojito,-5000.00,,420.73
2021-02-26,Interest,INTEREST,,1.68,5420.73
2021-02-08,Debit,FUNDS TRANSFER Cashflow Lime Mojito,-1000.00,,5419.05
2021-02-08,Credit,FUNDS TRANSFER Offset Lime Mojito,,6418.96,6419.05
2021-02-01,Debit,FUNDS TRANSFER Cashflow Lime Mojito,-1100.00,,0.09
2021-01-29,Interest,INTEREST,,2.18,1100.09
2021-01-20,Debit,FUNDS TRANSFER Float Lime Mojito,-5000.00,,1097.91
2020-12-31,Interest,INTEREST,,1.28,6097.91
2020-12-29,Credit,FUNDS TRANSFER Offset Lime Mojito ,,4700.00,6096.63
2020-12-17,Debit,FUNDS TRANSFER Cashflow Lime Mojito,-2500.00,,1396.63
2020-12-07,Credit,FUNDS TRANSFER Offset Lime,,3890.29,3896.63
2020-12-01,Debit,FUNDS TRANSFER Cashflow Lime,-5000.00,,6.34
2020-11-30,Interest,INTEREST,,2.26,5006.34
2020-11-24,InterestChange,Please note from 24/11/2020 the interest rate on your account is  0.60%p.a.,,,5004.08
2020-11-23,Credit,FUNDS TRANSFER Offset Lime Mojito,,4000.00,5004.08
2020-11-16,Debit,FUNDS TRANSFER Cash Flow Lime Mojito,-4000.00,,1004.08
2020-10-30,Interest,INTEREST,,4.08,5004.08
2020-10-23,Debit,FUNDS TRANSFER Cashflow Lime Mojito,-5635.34,,5000.00
2020-10-20,Credit,FUNDS TRANSFER Offset Lime Mojito,,2014.82,10635.34
2020-10-12,Credit,FUNDS TRANSFER Offset Lime Mojito,,3612.57,8620.52
2020-10-09,Credit,FUNDS TRANSFER Offset Lime Mojito,,4000.00,5007.95
2020-10-08,Debit,FUNDS TRANSFER Cash Flow Lime Mojito,-5000.00,,1007.95
2020-09-30,Interest,INTEREST,,3.02,6007.95
2020-09-28,Credit,FUNDS TRANSFER Offset Lime Mojito,,4300.00,6004.93
2020-09-22,Debit,FUNDS TRANSFER Cashflow Lime,-3300.00,,1704.93
2020-08-31,Interest,INTEREST,,4.93,5004.93
2020-08-31,Debit,FUNDS TRANSFER Rebalance Lime Mojito,-3268.50,,5000.00
2020-07-31,Interest,INTEREST,,5.27,8268.50
2020-06-30,Interest,INTEREST,,3.64,8263.23
2020-06-23,Credit,FUNDS TRANSFER Offset Lime,,7856.29,8259.59
2020-06-15,Debit,FUNDS TRANSFER End of year Lime Mojito,-4000.00,,403.30
2020-06-10,Debit,FUNDS TRANSFER Loan Lime,-3600.00,,4403.30
2020-05-29,Interest,INTEREST,,2.93,8003.30
2020-05-25,Credit,FUNDS TRANSFER Offset Lime,,1450.00,8000.37
2020-05-15,Credit,FUNDS TRANSFER Offset Lime,,137.78,6550.37
2020-05-11,Credit,FUNDS TRANSFER Offset Lime,,6000.00,6412.59
2020-05-04,Debit,FUNDS TRANSFER Pay Run Lime Mojito,-1600.00,,412.59
2020-05-04,Debit,FUNDS TRANSFER Super Payments Lime Mojito,-3000.00,,2012.59
2020-04-30,Interest,INTEREST,,3.84,5012.59
2020-04-21,InterestChange,Please note from 21/04/2020 the interest rate on your account is  0.75%p.a.,,,5008.75
2020-03-31,Interest,INTEREST,,4.90,5008.75
2020-03-13,InterestChange,Please note from 13/03/2020 the interest rate on your account is  1.00%p.a.,,,5003.85
2020-02-28,Interest,INTEREST,,3.86,5003.85
2020-02-10,Credit,FUNDS TRANSFER Offset Lime,,3442.00,4999.99
2020-02-06,Debit,FUNDS TRANSFER Cash Flow Lime,-1500.00,,1557.99
2020-01-31,Interest,INTEREST,,4.53,3057.99
2020-01-13,Debit,FUNDS TRANSFER Payroll Lime,-3000.00,,3053.46
2019-12-31,Interest,INTEREST,,6.84,6053.46
2019-12-04,Debit,FUNDS TRANSFER Float Lime,-2700.00,,6046.62
2019-12-02,Credit,FUNDS TRANSFER Offset Lime Mojito,,3216.71,8746.62
2019-11-29,Interest,INTEREST,,4.15,5529.91
2019-11-13,Credit,FUNDS TRANSFER Offset Lime,,5000.00,5525.76
2019-11-13,Debit,FUNDS TRANSFER Mispayment Lime,-10016.79,,525.76
2019-11-13,Credit,FUNDS TRANSFER Offset Theqa,,10016.79,10542.55
2019-11-01,Debit,FUNDS TRANSFER Loan Lime Mojito,-25000.00,,525.76
2019-10-31,Interest,INTEREST,,6.64,25525.76
2019-10-29,Debit,FUNDS TRANSFER HLK Lime Mojito,-3000.00,,25519.12
2019-10-24,Credit,FUNDS TRANSFER Offset Lime Mojito,,28415.87,28519.12
2019-10-11,InterestChange,Please note from 11/10/2019 the interest rate on your account is  1.25%p.a.,,,103.25
2019-08-30,Interest,INTEREST,,2.52,103.25
2019-08-12,Debit,FUNDS TRANSFER Float Lime,-4999.93,,100.73
2019-07-31,Interest,INTEREST,,6.19,5100.66
2019-07-26,Credit,FUNDS TRANSFER Offset Lime Mojito,,2000.00,5094.47
2019-07-19,InterestChange,Please note from 19/07/2019 the interest rate on your account is  1.50%p.a.,,,3094.47
2019-07-10,Debit,FUNDS TRANSFER Float Lime Mojito,-2000.00,,3094.47
2019-06-28,Interest,INTEREST,,7.16,5094.47
2019-06-11,InterestChange,Please note from 11/06/2019 the interest rate on your account is  1.75%p.a.,,,5087.31
2019-05-31,Interest,INTEREST,,7.14,5087.31
2019-05-22,Credit,FUNDS TRANSFER Offset Lime Mojito,,1200.03,5080.17
2019-04-30,Interest,INTEREST,,4.07,3880.14
2019-04-15,Credit,FUNDS TRANSFER Offset Lime Mojito,,3471.00,3876.07
2019-04-03,Debit,FUNDS TRANSFER Loan to bullioo Lime Mojito,-1500.00,,405.07
2019-04-01,Debit,FUNDS TRANSFER Loan Lime Mojito,-1000.00,,1905.07
2019-04-01,Credit,FUNDS TRANSFER Offset Lime Mojito,,0.06,2905.07
2019-03-29,Interest,INTEREST,,4.64,2905.01
2019-03-29,Debit,FUNDS TRANSFER Loan Bullioo Lime Mojito,-2200.00,,2900.37
2019-03-18,Credit,FUNDS TRANSFER Offset Lime Mojito,,5000.00,5100.37
2019-03-08,Debit,FUNDS TRANSFER Cash for Bullioo Lime,-4000.00,,100.37
2019-03-05,Debit,FUNDS TRANSFER Accountant Payment Lime Mojito,-1000.00,,4100.37
2019-03-04,Credit,FUNDS TRANSFER Offset Lime Mojito,,2675.02,5100.37
2019-02-28,Interest,INTEREST,,4.47,2425.35
2019-02-26,Debit,FUNDS TRANSFER Bullioo Loan Lime Mojito,-1300.00,,2420.88
2019-02-21,Debit,FUNDS TRANSFER Loan to Bullioo Loan Bullioo,-2000.00,,3720.88
2019-02-15,InterestChange,Please note from 15/02/2019 the interest rate on your account is  2.00%p.a.,,,5720.88
2019-02-15,Credit,FUNDS TRANSFER Offset Lime Mojito,,5000.00,5720.88
2019-02-04,Debit,FUNDS TRANSFER Salary offset Lime Mojito,-2500.00,,720.88
2019-02-01,Debit,FUNDS TRANSFER Super Lime Mojito,-2500.00,,3220.88
2019-01-31,Interest,INTEREST,,9.90,5720.88
2019-01-21,Debit,FUNDS TRANSFER Salary offset Lime Mojito,-2500.00,,5710.98
2019-01-15,Credit,FUNDS TRANSFER Offset Lime Mojito,,5000.00,8210.98
2019-01-08,Credit,FUNDS TRANSFER Offset Lime Mojito,,3000.00,3210.98
2019-01-07,Debit,FUNDS TRANSFER Salary offset Lime Mojito,-2500.00,,210.98
2019-01-02,Debit,FUNDS TRANSFER Expenses Lime Mojito,-3500.00,,2710.98
2018-12-31,Interest,INTEREST,,7.19,6210.98
2018-12-24,Debit,FUNDS TRANSFER Salary offset Lime Mojito,-2500.00,,6203.79
2018-12-21,Credit,FUNDS TRANSFER Lime Mojito Offset,,6361.80,8703.79
2018-12-10,Debit,FUNDS TRANSFER Salary offset Lime Mojito,-2500.00,,2341.99
2018-12-03,Credit,FUNDS TRANSFER Offset Lime Mojito,,3502.66,4841.99
2018-11-30,Interest,INTEREST,,14.35,1339.33
2018-11-26,Debit,FUNDS TRANSFER Salary offset Lime Mojito,-2500.00,,1324.98
2018-11-20,Debit,FUNDS TRANSFER Bullioo Lime Mojito,-2000.00,,3824.98
2018-11-15,Debit,FUNDS TRANSFER Lime Super,-4499.92,,5824.98
2018-11-12,Debit,FUNDS TRANSFER Salary offset Lime Mojito,-2500.00,,10324.90
2018-10-31,Interest,INTEREST,,19.79,12824.90
2018-10-29,Debit,FUNDS TRANSFER Salary offset Lime Mojito,-2500.00,,12805.11
2018-10-26,Debit,FUNDS TRANSFER Bullioo Lime Mojito,-2000.00,,15305.11
2018-10-18,Credit,FUNDS TRANSFER Offset Lime Mojito,,13472.94,17305.11
2018-10-15,Debit,FUNDS TRANSFER Salary offset Lime Mojito,-2500.00,,3832.17
2018-10-01,Debit,FUNDS TRANSFER Salary offset Lime Mojito,-2500.00,,6332.17
2018-09-28,Interest,INTEREST,,7.47,8832.17
2018-09-20,Credit,FUNDS TRANSFER Offset Lime Mojito,,5920.49,8824.70
2018-09-18,Credit,FUNDS TRANSFER Offset Lime Mojito,,2461.00,2904.21
2018-09-03,Debit,FUNDS TRANSFER Salary offset Lime Mojito,-3400.00,,443.21
2018-09-03,Debit,FUNDS TRANSFER Pay advance Lime Mojito,-4000.00,,3843.21
2018-09-03,Debit,FUNDS TRANSFER PAYGW Lime Mojito,-1500.00,,7843.21
2018-09-03,Debit,FUNDS TRANSFER Payments Lime Mojito,-4999.93,,9343.21
2018-08-31,Interest,INTEREST,,34.78,14343.14
2018-08-20,Debit,FUNDS TRANSFER Bullioo Launch Lime Mojito,-10000.00,,14308.36
2018-08-20,Debit,FUNDS TRANSFER Salary offset Lime Mojito,-3400.00,,24308.36
2018-08-07,Credit,FUNDS TRANSFER Offset Lime Mojito,,20000.21,27708.36
2018-08-06,Debit,FUNDS TRANSFER Salary offset Lime Mojito,-3400.00,,7708.15
2018-07-31,Interest,INTEREST,,57.31,11108.15
2018-07-30,Debit,FUNDS TRANSFER PAYG Witholding Lime Mojito,-3032.00,,11050.84
2018-07-30,Debit,FUNDS TRANSFER BAS Lime Mojito,-15644.00,,14082.84
2018-07-30,Debit,FUNDS TRANSFER CashFlow Lime Mojito,-2000.00,,29726.84
2018-07-23,Debit,FUNDS TRANSFER Salary offset Lime Mojito,-3400.00,,31726.84
2018-07-16,Debit,FUNDS TRANSFER Bullioo Float Lime Mojito,-498.61,,35126.84
2018-07-13,Credit,FUNDS TRANSFER Offset Lime Mojito,,7310.49,35625.45
2018-07-09,Credit,FUNDS TRANSFER Offset Lime Mojito,,4377.08,28314.96
2018-07-09,Debit,FUNDS TRANSFER Salary offset Lime Mojito,-3400.00,,23937.88
2018-06-29,Interest,INTEREST,,46.54,27337.88
2018-06-25,Debit,FUNDS TRANSFER Salary offset Lime Mojito,-3400.00,,27291.34
2018-06-12,Credit,FUNDS TRANSFER Offset Lime Mojito,,219.08,30691.34
2018-06-11,Debit,FUNDS TRANSFER Salary offset Lime Mojito,-3400.00,,30472.26
2018-06-06,Credit,FUNDS TRANSFER Offset Lime Mojito,,18000.00,33872.26
2018-06-04,Credit,FUNDS TRANSFER Offset Lime Mojito,,3500.64,15872.26
2018-05-31,Interest,INTEREST,,19.45,12371.62
2018-05-28,Debit,FUNDS TRANSFER Salary offset Lime Mojito,-3400.00,,12352.17
2018-05-14,Debit,FUNDS TRANSFER Salary offset Lime Mojito,-3400.00,,15752.17
2018-05-14,Credit,FUNDS TRANSFER Offset Lime Mojito,,15041.04,19152.17
2018-04-30,Debit,FUNDS TRANSFER Salary offset Lime Mojito,-3400.00,,4111.13
2018-04-30,Interest,INTEREST,,33.97,7511.13
2018-04-16,Debit,FUNDS TRANSFER Salary offset Lime Mojito,-3000.00,,7477.16
2018-04-11,Debit,FUNDS TRANSFER BAS Lime Mojito,-26515.00,,10477.16
2018-04-06,Credit,FUNDS TRANSFER Offset Lime Mojito,,7704.98,36992.16
2018-04-03,Credit,FUNDS TRANSFER Offset Lime Mojito,,0.34,29287.18
2018-04-03,Debit,FUNDS TRANSFER Salary offset Lime Mojito,-3000.00,,29286.84
2018-03-29,Interest,INTEREST,,50.98,32286.84
2018-03-22,Debit,FUNDS TRANSFER Bonus Lime Mojito,-2700.00,,32235.86
2018-03-21,Credit,FUNDS TRANSFER Offset Lime Mojito,,2764.77,34935.86
2018-03-19,Debit,FUNDS TRANSFER Salary offset Lime Mojito,-2870.00,,32171.09
2018-03-14,Credit,FUNDS TRANSFER Offset Lime mojito,,10000.06,35041.09
2018-03-05,Debit,FUNDS TRANSFER Salary offset Lime Mojito,-2870.00,,25041.03
2018-02-28,Interest,INTEREST,,79.10,27911.03
2018-02-26,Debit,FUNDS TRANSFER Reimbursement Lime Mojito,-2752.95,,27831.93
2018-02-26,Debit,FUNDS TRANSFER BAS Lime Mojito,-14513.00,,30584.88
2018-02-19,Debit,FUNDS TRANSFER Salary offset Lime Mojito,-2870.00,,45097.88
2018-02-19,Debit,FUNDS TRANSFER Super Lime Mojito,-3119.00,,47967.88
2018-02-05,Debit,FUNDS TRANSFER Salary offset Lime Mojito,-2870.00,,51086.88
2018-02-02,Credit,FUNDS TRANSFER Offset Lime Mojito,,7091.74,53956.88
2018-01-31,Interest,INTEREST,,85.30,46865.14
2018-01-22,Debit,FUNDS TRANSFER Salary offset Lime Mojito,-2870.00,,46779.84
2018-01-08,Debit,FUNDS TRANSFER Salary offset Lime Mojito,-2870.00,,49649.84
2018-01-08,Credit,FUNDS TRANSFER Mispayment Lachlan,,11225.31,52519.84
2018-01-02,Credit,FUNDS TRANSFER Offset Lime Mojito,,20001.42,41294.53
2017-12-29,Interest,INTEREST,,42.71,21293.11
2017-12-27,Debit,FUNDS TRANSFER Salary offset Lime Mojito,-2870.00,,21250.40
2017-12-11,Debit,FUNDS TRANSFER Salary offset Lime Mojito,-2870.00,,24120.40
2017-11-30,Interest,INTEREST,,47.17,26990.40
2017-11-24,Debit,FUNDS TRANSFER Cash Advance LO Lime Mojito,-4000.00,,26943.23
2017-11-13,Debit,FUNDS TRANSFER Salary offset Lime Mojito,-2870.00,,30943.23
2017-11-07,Credit,FUNDS TRANSFER Offset Lime Mojito,,20000.13,33813.23
2017-10-31,Interest,INTEREST,,57.00,13813.10
2017-10-30,Debit,FUNDS TRANSFER Reimburse Lime Mojito,-2000.00,,13756.10
2017-10-30,Debit,FUNDS TRANSFER BAS Lime Mojito,-16064.00,,15756.10
2017-10-30,Debit,FUNDS TRANSFER Salary offset Lime Mojito,-2870.00,,31820.10
2017-10-16,Debit,FUNDS TRANSFER Salary offset Lime Mojito,-2870.00,,34690.10
2017-10-13,Credit,FUNDS TRANSFER Offset Lime Mojito,,4950.00,37560.10
2017-10-09,Credit,FUNDS TRANSFER Offset Lime Mojito,,5014.06,32610.10
2017-10-06,Credit,FUNDS TRANSFER Offset Lime Mojito,,12797.60,27596.04
2017-10-02,Debit,FUNDS TRANSFER Top up Lime Mojito,-2000.00,,14798.44
2017-10-02,Debit,FUNDS TRANSFER Salary offset Lime Mojito,-2870.00,,16798.44
2017-10-02,Debit,FUNDS TRANSFER Super Lime Mojito,-8309.97,,19668.44
2017-09-29,Interest,INTEREST,,28.78,27978.41
2017-09-28,Credit,FUNDS TRANSFER Misfunded Lachlan,,9801.27,27949.63
2017-09-18,Debit,FUNDS TRANSFER Salary offset Lime Mojito,-2870.00,,18148.36
2017-09-11,Credit,FUNDS TRANSFER Lime Mojito Offset,,8911.27,21018.36
2017-09-05,Credit,FUNDS TRANSFER Offset Lime Mojito,,2931.45,12107.09
2017-09-04,Debit,FUNDS TRANSFER Salary offset Lime Mojito,-2870.00,,9175.64
2017-09-01,Debit,FUNDS TRANSFER Cashflow Lime Mojito,-1800.00,,12045.64
2017-08-31,Interest,INTEREST,,10.78,13845.64
2017-08-29,Credit,FUNDS TRANSFER Offset Lime Mojito,,8984.98,13834.86
2017-08-24,Credit,FUNDS TRANSFER Offset Lime Mojito,,2130.00,4849.88
2017-08-07,Debit,FUNDS TRANSFER Salary offset Lime Mojito,-2870.00,,2719.88
2017-08-02,Debit,FUNDS TRANSFER BAS Lime Mojito,-13000.00,,5589.88
2017-07-31,Credit,FUNDS TRANSFER Offset Lime Mojito,,8884.10,18589.88
2017-07-31,Interest,INTEREST,,24.72,9705.78
2017-07-24,Debit,FUNDS TRANSFER Salary offset Lime Mojito,-2870.00,,9681.06
2017-07-17,Debit,FUNDS TRANSFER Fx Lime Mojito,-4000.00,,12551.06
2017-07-10,Debit,FUNDS TRANSFER Reimbursements Lime Mojito,-1500.00,,16551.06
2017-07-10,Credit,FUNDS TRANSFER Offset Lime Mojito,,4043.00,18051.06
2017-07-10,Debit,FUNDS TRANSFER Salary offset Lime Mojito,-2870.00,,14008.06
2017-07-06,Credit,FUNDS TRANSFER Offset Lime Mojito,,0.17,16878.06
2017-06-30,Interest,INTEREST,,64.98,16877.89
2017-06-26,Debit,FUNDS TRANSFER EOFY Cash Flow Lime Mojito,-21000.00,,16812.91
2017-06-26,Debit,FUNDS TRANSFER Salary offset Lime Mojito,-2500.00,,37812.91
2017-06-20,Debit,FUNDS TRANSFER Receipts Lime Mojito,-1000.00,,40312.91
2017-06-20,Credit,FUNDS TRANSFER Offset Lime Mojito,,3047.06,41312.91
2017-06-12,Debit,FUNDS TRANSFER Salary offset Lime Mojito,-2500.00,,38265.85
2017-05-31,Credit,FUNDS TRANSFER Offset Lime Mojito,,8041.98,40765.85
2017-05-31,Interest,INTEREST,,62.73,32723.87
2017-05-29,Debit,FUNDS TRANSFER Salary offset Lime Mojito,-2500.00,,32661.14
2017-05-16,Credit,FUNDS TRANSFER Offset Lime Mojito,,7804.97,35161.14
2017-05-15,Debit,FUNDS TRANSFER Salary offset Lime Mojito,-2500.00,,27356.17
2017-05-01,Debit,FUNDS TRANSFER Salary offset Lime Mojito,-2500.00,,29856.17
2017-04-28,Interest,INTEREST,,56.35,32356.17
2017-04-18,Debit,FUNDS TRANSFER Salary offset Lime Mojito,-2500.00,,32299.82
2017-04-03,Debit,FUNDS TRANSFER Salary offset Lime Mojito,-2500.00,,34799.82
2017-03-31,Interest,INTEREST,,43.06,37299.82
2017-03-28,Credit,FUNDS TRANSFER Offset Lime Mojito,,10128.98,37256.76
2017-03-27,Credit,FUNDS TRANSFER Offset Lime Mojito,,6676.84,27127.78
2017-03-20,Debit,FUNDS TRANSFER Salary offset Lime Mojito,-2500.00,,20450.94
2017-03-06,Debit,FUNDS TRANSFER Salary offset Lime Mojito,-2500.00,,22950.94
2017-03-03,Credit,FUNDS TRANSFER Offset Lime Mojito,,8000.04,25450.94
2017-02-28,Interest,INTEREST,,36.08,17450.90
2017-02-20,Debit,FUNDS TRANSFER Salary offset Lime Mojito,-2500.00,,17414.82
2017-02-06,Debit,FUNDS TRANSFER Salary offset Lime Mojito,-2500.00,,19914.82
2017-02-03,Debit,FUNDS TRANSFER Tax Lime Mojito,-19999.98,,22414.82
2017-01-31,Interest,INTEREST,,73.93,42414.80
2017-01-30,Credit,FUNDS TRANSFER Mispayment Offset Lachlan,,5958.46,42340.87
2017-01-23,Debit,FUNDS TRANSFER Salary offset Lime Mojito,-2500.00,,36382.41
2017-01-09,Debit,FUNDS TRANSFER Salary offset Lime Mojito,-2500.00,,38882.41
2016-12-30,Credit,FUNDS TRANSFER Offset Lime Mojito,,7272.31,41382.41
2016-12-30,Interest,INTEREST,,61.86,34110.10
2016-12-28,Debit,FUNDS TRANSFER Expenses Reimburse Lime Mojito,-2000.00,,34048.24
2016-12-21,Credit,FUNDS TRANSFER Offset Lime Mojito,,2478.98,36048.24
2016-12-12,Debit,FUNDS TRANSFER Salary offset Lime Mojito,-2500.00,,33569.26
2016-12-01,Credit,FUNDS TRANSFER Offset Lime Mojito,,4572.08,36069.26
2016-11-30,Interest,INTEREST,,51.17,31497.18
2016-11-28,Debit,FUNDS TRANSFER Salary offset Lime Mojito,-2500.00,,31446.01
2016-11-22,Credit,FUNDS TRANSFER Offset Lime Mojito,,10074.16,33946.01
2016-11-14,Debit,FUNDS TRANSFER Salary offset Lime Mojito,-2500.00,,23871.85
2016-11-10,Debit,FUNDS TRANSFER Top up Lime Mojito,-1200.00,,26371.85
2016-11-03,Credit,FUNDS TRANSFER Offset Lime Mojito,,5952.72,27571.85
2016-10-31,Interest,INTEREST,,87.70,21619.13
2016-10-31,Debit,FUNDS TRANSFER Salary offset Lime Mojito,-2500.00,,21531.43
2016-10-28,Debit,FUNDS TRANSFER Purchase Laptop Lime Mojito,-5369.00,,24031.43
2016-10-24,Debit,FUNDS TRANSFER September BAS Lime Mojito,-22500.00,,29400.43
2016-10-20,Debit,FUNDS TRANSFER Salary Float Lime Mojito,-2500.00,,51900.43
2016-10-03,Debit,FUNDS TRANSFER Bonus Payment Lime Mojito,-15000.00,,54400.43
2016-10-03,Debit,FUNDS TRANSFER Salary offset Lime Mojito,-2500.00,,69400.43
2016-09-30,Interest,INTEREST,,89.25,71900.43
2016-09-29,Debit,FUNDS TRANSFER Monthly Payments Lime Mojito,-3300.00,,71811.18
2016-09-20,Credit,FUNDS TRANSFER Offset Lime Mojito,,21000.00,75111.18
2016-09-19,Credit,FUNDS TRANSFER Offset Lime Mojito,,9190.98,54111.18
2016-09-19,Debit,FUNDS TRANSFER Salary offset Lime Mojito,-2500.00,,44920.20
2016-09-06,Credit,FUNDS TRANSFER offset Lime Mojito,,7920.20,47420.20
2016-09-05,Credit,FUNDS TRANSFER Transfer Lime Mojito,,20000.00,39500.00
2016-09-02,Credit,FUNDS TRANSFER Transfer Lime Mojito,,19500.00,19500.00
2016-09-01,InterestChange,Please note from 01/09/2016 the interest rate on your account is  2.15%p.a.,,,0.00
